@Misc{SUN211,
  author =       {{Warren-Smith}, R.~F. and {Berry}, D.~S},
  title =        "{AST -- A Library for Handling World Coordinate Systems in Astronomy}",
  howpublished = {Starlink User Note 211, Starlink Project, STFC},
  year =         2013,
}

